<?xml version="1.0" encoding="UTF-8" standalone="yes"?><Document xmlns="http://univ.fr/sepa26"><CstmrDrctDbtInitn><GrpHdr><MsgId>ORPHELIN-1</MsgId><CreDtTm>1970-01-01T00:00:00</CreDtTm><NbOfTxs>1</NbOfTxs><CtrlSum>0.00</CtrlSum></GrpHdr><PmtInf><PmtInfId>REF Remise 123</PmtInfId><NbOfTxs>2</NbOfTxs><CtrlSum>3250.15</CtrlSum><PmtTpInf><SvcLvl><Cd>SEPA</Cd></SvcLvl><LclInstrm><Cd>CORE</Cd></LclInstrm><SeqTp>RCUR</SeqTp></PmtTpInf><ReqdColltnDt>2009-09-10</ReqdColltnDt><Cdtr><Nm>Societe XX</Nm></Cdtr><CdtrAcct><Id><IBAN>FR7610041010050500013M02606</IBAN></Id></CdtrAcct><CdtrAgt><FinInstnId><BIC>BANKFRPP</BIC></FinInstnId></CdtrAgt><CdtrSchmeId><Id><PrvtId><Othr><Id>FR00ZZZ123456</Id><SchmeNm><Prtry>SEPA</Prtry></SchmeNm></Othr></PrvtId></Id></CdtrSchmeId><DrctDbtTxInf><PmtId> REF OPE AAAA</PmtId><InstdAmt Ccy="EUR">1100.07</InstdAmt><DrctDbtTx><MndtRltdInf><MndtId>MANDAT NO 55555</MndtId><DtOfSgntr>2009-09-01</DtOfSgntr></MndtRltdInf></DrctDbtTx><DbtrAgt><FinInstnId><Othr><Id>NOTPROVIDED</Id></Othr></FinInstnId></DbtrAgt><Dbtr><Nm>Mr Debiteur N1</Nm></Dbtr><DbtrAcct><Id><IBAN>FR763004136210001234567811</IBAN></Id></DbtrAcct><RmtInf>Facture N1</RmtInf></DrctDbtTxInf></PmtInf></CstmrDrctDbtInitn></Document>